@article{K99,
author = {Kearns, Michael and Singh, Satinder},
year = {1999},
month = {04},
pages = {},
title = {Finite-Sample Convergence Rates for Q-Learning and Indirect Algorithms},
volume = {11},
journal = {Advances in Neural Information Processing}
}

@article{F05,
author = {Florian, Răzvan},
year = {2005},
month = {08},
pages = {},
title = {Correct equations for the dynamics of the cart-pole system}
}

@article{F12,
author = {Feinberg, Eugene},
year = {2012},
month = {05},
pages = {},
title = {Total Expected Discounted Reward MDPs: Existence of Optimal Policies}
}

@article{CCR90,
  author = {Chen, Tianping and Chen, Hong and Liu, Reuy-wen},
  year = {1990},
  month = {03},
  pages = {},
  title = {A Constructive Proof and An Extension of Cybenko’s Approximation Theorem},
  doi = {10.1007/978-1-4612-2856-1}
}

@article{C89,
  title={Approximation by superpositions of a sigmoidal function},
  author={George Cybenko},
  journal={Mathematics of Control, Signals and Systems},
  year={1989},
  volume={2},
  pages={303-314}
}

@article{SH17,
  title={Nonparametric regression using deep neural networks with ReLU activation function},
  author={Johannes Schmidt-Hieber},
  journal={ArXiv},
  year={2017},
  volume={abs/1708.06633},
  url={https://arxiv.org/abs/1708.06633v4}
}

@article{S75,
title = "On dynamic programming: Compactness of the space of policies",
journal = "Stochastic Processes and their Applications",
volume = "3",
number = "4",
pages = "345 - 364",
year = "1975",
issn = "0304-4149",
doi = "https://doi.org/10.1016/0304-4149(75)90031-9",
url = "http://www.sciencedirect.com/science/article/pii/0304414975900319",
author = "Manfred Schäl",
keywords = "compactness in space of probabilities, , non-Markovian dynamic programming, total reward criterion",
}

@article{F20,
  author    = {Jianqing Fan and
	       Zhuoran Yang and
               Yuchen Xie and
               Zhaoran Wang},
  title     = {A Theoretical Analysis of Deep Q-Learning},
  journal   = {CoRR},
  volume    = {abs/1901.00137},
  year      = {2020+},
  url       = {http://arxiv.org/abs/1901.00137},
  archivePrefix = {arXiv},
  eprint    = {1901.00137},
  timestamp = {Thu, 31 Jan 2019 13:52:49 +0100},
  biburl    = {https://dblp.org/rec/journals/corr/abs-1901-00137.bib},
  bibsource = {dblp computer science bibliography, https://dblp.org}
}

@article{M15,
  added-at = {2015-08-26T14:46:40.000+0200},
  author = {Mnih, Volodymyr and Kavukcuoglu, Koray and Silver, David and Rusu, Andrei A. and Veness, Joel and Bellemare, Marc G. and Graves, Alex and Riedmiller, Martin and Fidjeland, Andreas K. and Ostrovski, Georg and Petersen, Stig and Beattie, Charles and Sadik, Amir and Antonoglou, Ioannis and King, Helen and Kumaran, Dharshan and Wierstra, Daan and Legg, Shane and Hassabis, Demis},
  biburl = {https://www.bibsonomy.org/bibtex/2fb15f4471c81dc2b9edf2304cb2f7083/hotho},
  description = {Human-level control through deep reinforcement learning - nature14236.pdf},
  interhash = {eac59980357d99db87b341b61ef6645f},
  intrahash = {fb15f4471c81dc2b9edf2304cb2f7083},
  issn = {00280836},
  journal = {Nature},
  keywords = {deep learning toread},
  month = feb,
  number = 7540,
  pages = {529--533},
  publisher = {Nature Publishing Group, a division of Macmillan Publishers Limited. All Rights Reserved.},
  timestamp = {2015-08-26T14:46:40.000+0200},
  title = {Human-level control through deep reinforcement learning},
  url = {http://dx.doi.org/10.1038/nature14236},
  volume = 518,
  year = 2015
}

@book{K02,
  added-at = {2015-02-23T20:19:17.000+0100},
  author = {Kallenberg, Olav},
  biburl = {https://www.bibsonomy.org/bibtex/2905a4d28c5d86d23aaf21f62d0f34954/peter.ralph},
  doi = {10.1007/978-1-4757-4015-8},
  edition = {Second},
  interhash = {ffb70ba7323cf9bae5dd8b094824820d},
  intrahash = {905a4d28c5d86d23aaf21f62d0f34954},
  isbn = {0-387-95313-2},
  keywords = {book probability_theory reference},
  mrclass = {60-01},
  mrnumber = {1876169 (2002m:60002)},
  mrreviewer = {Klaus D. Schmidt},
  pages = {xx+638},
  publisher = {Springer-Verlag, New York},
  series = {Probability and its Applications (New York)},
  timestamp = {2015-02-23T20:19:17.000+0100},
  title = {Foundations of modern probability},
  url = {http://dx.doi.org/10.1007/978-1-4757-4015-8},
  year = 2002
}

@inproceedings{L62,
  title={The category of probabilistic mappings},
  author={F. William Lawvere},
  year={1962}
}

@book{RH14,
  author = {Rønn-Nielsen, Anders and Hansen, Ernst},
  title = {Conditioning and Markov properties},
  year = {2014},
  isbn = {978-87-7078-980-6}
}

@book{BS07,
author = {Bertsekas, Dimitri P. and Shreve, Steven E.},
title = {Stochastic Optimal Control: The Discrete-Time Case},
year = {2007},
isbn = {1886529035},
publisher = {Athena Scientific}
}

@article{W89,
author = {Watkins, Christopher},
year = {1989},
month = {01},
title = {Learning From Delayed Rewards}
}

@article{DM17,
  author    = {Adithya M. Devraj and
               Sean P. Meyn},
  title     = {Fastest Convergence for Q-learning},
  journal   = {CoRR},
  volume    = {abs/1707.03770},
  year      = {2017},
  url       = {http://arxiv.org/abs/1707.03770},
  archivePrefix = {arXiv},
  eprint    = {1707.03770},
  timestamp = {Mon, 13 Aug 2018 16:46:24 +0200},
  biburl    = {https://dblp.org/rec/journals/corr/DevrajM17.bib},
  bibsource = {dblp computer science bibliography, https://dblp.org}
}

@inproceedings{S97,
author = {Szepesvári, Csaba},
year = {1997},
month = {01},
pages = {},
title = {The Asymptotic Convergence-Rate of Q-learning.}
}

@article{J94,
author = {Jaakkola, Tommi and Jordan, Michael and Singh, Satinder},
year = {1994},
month = {11},
pages = {1185-1201},
title = {On the Convergence of Stochastic Iterative Dynamic Programming Algorithms},
volume = {6},
journal = {Neural Computation},
doi = {10.1162/neco.1994.6.6.1185}
}

@article{WD92,
author = {Watkins, Christopher and Dayan, Peter},
year = {1992},
month = {05},
pages = {279-292},
title = {Technical Note: Q-Learning},
volume = {8},
journal = {Machine Learning},
doi = {10.1007/BF00992698}
}

@INPROCEEDINGS{MR07, author={F. S. {Melo} and M. I. {Ribeiro}}, booktitle={2007 European Control Conference (ECC)}, title={Convergence of Q-learning with linear function approximation}, year={2007}, volume={}, number={}, pages={2671-2678}}

@inproceedings{MH18,
  title     = {On Q-learning Convergence for Non-Markov Decision Processes},
  author    = {Sultan Javed Majeed and Marcus Hutter},
  booktitle = {Proceedings of the Twenty-Seventh International Joint Conference on
               Artificial Intelligence, {IJCAI-18}},
  publisher = {International Joint Conferences on Artificial Intelligence Organization},             
  pages     = {2546--2552},
  year      = {2018},
  month     = {7},
  doi       = {10.24963/ijcai.2018/353},
  url       = {https://doi.org/10.24963/ijcai.2018/353},
}

@misc{whatever,
  author = {Author, A.},
  year = {2001},
  title = {Testing the effects of biblatex styles on bibliography formatting},
}

